@techreport{phydyas-D5.1,
    author    = "Viholainen, Ari and Bellanger, Maurice and Huchard, Mathieu",
    title     = "{PHYDYAS} Project, Deliverable 5.1: Prototype filter and structure optimization",
    institution = "FP7-ICT",
    year      = "2009",
    month    = "January",
     url = {http://www.ict-phydyas.org/},
}

@ARTICLE{995073, 
	author={Siohan, P. and Siclet, C. and Lacaille, N.}, 
	journal={Signal Processing, IEEE Transactions on}, 
	title={Analysis and design of {OFDM/OQAM} systems based on filterbank theory}, 
	year={2002}, 
	month={May}, 
	volume={50}, 
	number={5}, 
	pages={1170-1183}, 
	doi={10.1109/78.995073}, 
	ISSN={1053-587X},}
	
@mastersthesis{MyThesis,
    author    = "Saeed Afrasiabi Gorgani",
    title     = "Peak Power Reduction in Multicarrier Waveforms",
    school    = "Tampere University of Technology",
        year      = "2014",
    month    = "May",

}
